@manual{anleitung,
	author = {M. Köhli},
	title = {Holographie},
	date = {2011},
	subtitle = {Versuchsanleitung - Fortgeschrittenen Praktikum Teil II},
}

@online{coherence,
	author = {Massachussets Intitute if Technology},
	title = {MIT
	2.71/2.710 },
	date = {2009},
	url = {https://ocw.mit.edu/courses/mechanical-engineering/2-71-optics-spring-2009/video-lectures/lecture-22-coherent-and-incoherent-imaging/MIT2_71S09_lec22.pdf},
}

@book{demtroeder2,
	title={Experimentalphysik 2: Elektrizit{\"a}t und Optik},
	author={Demtr{\"o}der, W.},
	isbn={9783642299445},
	series={Springer-Lehrbuch},
	url={https://books.google.de/books?id=HBoeBAAAQBAJ},
	year={2014},
	publisher={Springer Berlin Heidelberg}
}

@thesis{staats,
	author = {Stefan Unmüßig},
	title = {Holographie},
	type = {Staatsexamensarbeit},
	institution = {Physikalisches Instiut, Fakultät für Mathematik und Physik, Universität Freiburg},
	date = {1995},
}
